%% This BibTeX bibliography file was created using BibDesk.
%% https://bibdesk.sourceforge.io/

%% Created for Pablo Yañez at 2020-05-21 12:49:59 -0400


%% Saved with string encoding Unicode (UTF-8)
@ieeetranbstctl{IEEEexample:BSTcontrol,
	Ctldash_Repeated_Names = {no}}

@misc{web:hipr,
	Author = {{Robert Fisher, Simon Perkins, Ashley Walker and Erik Wolfart}},
	Howpublished = {\url{https://homepages.inf.ed.ac.uk/rbf/HIPR2/noise.htm}},
	Note = {[Online; accessed 23-May-2020]},
	Title = {{Noise Generation -- Hypermedia Image Processing Reference}}
	}
@misc{web:hipr,
	Author = {{Robert Fisher, Simon Perkins, Ashley Walker and Erik Wolfart}},
	Howpublished = {\url{https://homepages.inf.ed.ac.uk/rbf/HIPR2/gsmooth.htm}},
	Note = {[Online; accessed 23-May-2020]},
	Title = {{Gaussian Smoothing -- Hypermedia Image Processing Reference}}
	}

@misc{carrasco1,
  author        = {Carrasco, Miguel},
  title         = {{Presentacion Clase -- Mejoramiento en la Frecuencia}},
  month         = {Mayo},
  year          = {2018},
  publisher={Facultad de Ingeniería y Ciencias - Universidad Adolfo Ibáñez}
}
@misc{carrasco2,
  author        = {Carrasco, Miguel},
  title         = {{Presentacion Clase -- Introduccion a Ruidos}},
  month         = {Mayo},
  year          = {2018},
  publisher={Facultad de Ingeniería y Ciencias - Universidad Adolfo Ibáñez}
}

@misc{carrasco3,
  author        = {Carrasco, Miguel},
  title         = {{Presentacion Clase -- Restauración + Degradación}},
  month         = {Mayo},
  year          = {2018},
  publisher={Facultad de Ingeniería y Ciencias - Universidad Adolfo Ibáñez}
}
