%% This BibTeX bibliography file was created using BibDesk.
%% https://bibdesk.sourceforge.io/

%% Created for Pablo Ya√±ez at 2020-05-12 21:00:34 -0400


%% Saved with string encoding Unicode (UTF-8)



@electronic{wiki_media,
	Author = {Wikipedia},
	Date-Added = {2020-05-12 21:00:02 -0400},
	Date-Modified = {2020-05-12 21:00:15 -0400},
	Title = {Median Filter},
	url = "https://en.wikipedia.org/wiki/Median_filter"}

@electronic{opencv_eq,
	Author = {OpenCV },
	Date-Added = {2020-05-12 20:59:03 -0400},
	Date-Modified = {2020-05-12 20:59:34 -0400},
	Title = {Histograms - 2: Histogram Equalization},
	url = "https://opencv-python-tutroals.readthedocs.io/en/latest/py_tutorials/py_imgproc/py_histograms/py_histogram_equalization/py_histogram_equalization.html"}

@electronic{gamma,
	Author = {Wikipedia},
	Date-Added = {2020-05-12 20:58:09 -0400},
	Date-Modified = {2020-05-12 20:58:29 -0400},
	Title = {Gamma Correction},
	url = "https://en.wikipedia.org/wiki/Gamma_correction"}

@electronic{Hist_Equalization,
	Author = {Wikipedia},
	Date-Added = {2020-05-12 20:57:53 -0400},
	Date-Modified = {2020-05-12 20:58:52 -0400},
	Title = {Histogram Equalization},
	url = "https://en.wikipedia.org/wiki/Histogram_equalization"}
