%% This BibTeX bibliography file was created using BibDesk.
%% https://bibdesk.sourceforge.io/

%% Created for Pablo Yañez at 2020-05-21 12:49:59 -0400


%% Saved with string encoding Unicode (UTF-8)
@ieeetranbstctl{IEEEexample:BSTcontrol,
	Ctldash_Repeated_Names = {no}}

@misc{wolfram:fourier_series,
	Author = {{Weisstein, Eric W.}},
	Howpublished = {\url{https://mathworld.wolfram.com/FourierSeries.html}},
	Note = {[Online; accessed 21-May-2020]},
	Title = {Fourier {S}eries. {From MathWorld -- A Wolfram Web Resource}}
	}

@misc{wolfram:fourier_transform,
	Author = {{Weisstein, Eric W.}},
	Howpublished = {\url{https://mathworld.wolfram.com/FourierTransform.html}},
	Note = {[Online; accessed 21-May-2020]},
	Title = {Fourier {T}ransform. {From MathWorld -- A Wolfram Web Resource}}
	}

@book{proakis,
  author = {Proakis, John G. and Manolakis, Dimitris K.},
  title = {Digital Signal Processing (4th Edition)},
  year = {2006},
  isbn = {0131873741},
  publisher = {Prentice-Hall, Inc.},
  address = {USA}
	}

@misc{web:hipr,
	Author = {{Robert Fisher, Simon Perkins, Ashley Walker and Erik Wolfart}},
	Howpublished = {\url{https://homepages.inf.ed.ac.uk/rbf/HIPR2/fourier.htm}},
	Note = {[Online; accessed 23-May-2020]},
	Title = {{Fourier Transform -- Hypermedia Image Processing Reference}}
	}

@misc{carrasco1,
  author        = {Carrasco, Miguel},
  title         = {{Presentacion Clase -- Mejoramiento en la Frecuencia}},
  month         = {Mayo},
  year          = {2018},
  publisher={Facultad de Ingeniería y Ciencias - Universidad Adolfo Ibáñez}
}
@misc{carrasco2,
  author        = {Carrasco, Miguel},
  title         = {{Presentacion Clase -- Introduccion a Ruidos}},
  month         = {Mayo},
  year          = {2018},
  publisher={Facultad de Ingeniería y Ciencias - Universidad Adolfo Ibáñez}
}

@misc{ wiki:butter,
  author = "{Wikipedia contributors}",
  title = "Butterworth filter --- {Wikipedia}{,} The Free Encyclopedia",
  year = "2020",
  howpublished = "\url{https://en.wikipedia.org/w/index.php?title=Butterworth_filter&oldid=944627575}",
  note = "[Online; accessed 3-June-2020]"
}
