@IEEEtranBSTCTL{IEEEexample:BSTcontrol, CTLdash_repeated_names = "no"}

@misc{ opencv:hist_eq,
  author = "{OpenCV}",
  title = "Histogram Equalization -- OpenCV Tutorials",
  howpublished = "\url{https://docs.opencv.org/2.4/doc/tutorials/imgproc/histograms/histogram_equalization/histogram_equalization.html}",
  note = "[Online; accessed 19-May-2020]"
}

@misc{ opencv:threshold,
  author = "{OpenCV}",
  title = "Basic Thresholding Operations -- OpenCV Tutorials",
  howpublished = "\url{https://docs.opencv.org/2.4/doc/tutorials/imgproc/threshold/threshold.html}",
  note = "[Online; accessed 19-May-2020]"
}

@misc{ wiki:gray_scale_wiki,
  author = "{Wikipedia contributors}",
  title = "Grayscale --- {Wikipedia}{,} The Free Encyclopedia",
  year = "2020",
  howpublished = "\url{https://en.wikipedia.org/w/index.php?title=Grayscale&oldid=956590278}",
  note = "[Online; accessed 19-May-2020]"
}

@misc{ wiki:median_wiki,
  author = "{Wikipedia contributors}",
  title = "Median filter --- {Wikipedia}{,} The Free Encyclopedia",
  year = "2019",
  howpublished = "\url{https://en.wikipedia.org/w/index.php?title=Median_filter&oldid=931347301}",
  note = "[Online; accessed 19-May-2020]"
}

@misc{ median,
  author = "{Computer Vision Demonstration Website}",
  title = "Median Filtering",
  howpublished = "\url{https://www.southampton.ac.uk/~msn/book/new_demo/median/}",
  publisher = "Electronics and Computer Science - University of Southampton"
  note = "[Online; accessed 19-May-2020]"
}


@misc{carrasco1,
  author        = {Carrasco, Miguel},
  title         = {Presentacion Clase -- Primeros Pasos},
  month         = {Mayo},
  year          = {2018},
  publisher={Facultad de Ingeniería y Ciencias - Universidad Adolfo Ibáñez}
}


@misc{learnopencv,
  author = "{Mallick, Satya}",
  title = "applyColorMap for pseudocoloring in OpenCV ( C++ / Python ) --- {Learn OpenCV}",
  year = "2015",
  url = "https://www.learnopencv.com/applycolormap-for-pseudocoloring-in-opencv-c-python/",
  note = "[Online; accessed 18-May-2020]"
}



